


@misc{github,
	author = {GitHub Inc.},
	title = {GitHub},
	howpublished = "\url{https://github.com/}",
	year = {2023}, 
	note = "[Online; acedido 3 de março de 2023]"
}


@misc{gantt,
	author = {wikipedia},
	title = {Gantt chart},
	howpublished = "\url{https://en.wikipedia.org/wiki/Gantt_chart}",
	year = {2023}, 
	note = "[Online; acedido 3 de março de 2023]"
}


@article{despa2014comparative,
	title={Comparative study on software development methodologies},
	author={Despa, Mihai Liviu},
	journal={Database Systems Journal},
	volume={5},
	number={3},
	pages={37--56},
	year={2014}
}


@article{knuth:1984,
  title={Literate Programming},
  author={Donald E. Knuth},
  journal={The Computer Journal},
  volume={27},
  number={2},
  pages={97--111},
  year={1984},
  publisher={Oxford University Press}
}

@inproceedings{lesk:1977,
  title={Computer Typesetting of Technical Journals on {UNIX}},
  author={Michael Lesk and Brian Kernighan},
  booktitle={Proceedings of American Federation of
             Information Processing Societies: 1977
             National Computer Conference},
  pages={879--888},
  year={1977},
  address={Dallas, Texas}
}